<?xml version="1.0" encoding="UTF-8"?><record xmlns="http://www.loc.gov/MARC21/slim" xmlns:cinclude="http://apache.org/cocoon/include/1.0" xmlns:zs="http://www.loc.gov/zing/srw/">
  <leader>01238cz  a2200217n  4500</leader>
  <controlfield tag="001">n  82033489 </controlfield>
  <controlfield tag="003">DLC</controlfield>
  <controlfield tag="005">20120807082016.0</controlfield>
  <controlfield tag="008">820315n| acannaabn          |a ana      </controlfield>
  <datafield tag="010" ind1=" " ind2=" ">
    <subfield code="a">n  82033489 </subfield>
    <subfield code="z">n  86035654 </subfield>
  </datafield>
  <datafield tag="035" ind1=" " ind2=" ">
    <subfield code="a">(OCoLC)oca00730582</subfield>
  </datafield>
  <datafield tag="040" ind1=" " ind2=" ">
    <subfield code="a">DLC</subfield>
    <subfield code="b">eng</subfield>
    <subfield code="c">DLC</subfield>
    <subfield code="d">DLC</subfield>
    <subfield code="d">MCM</subfield>
    <subfield code="d">DLC</subfield>
  </datafield>
  <datafield tag="111" ind1="2" ind2=" ">
    <subfield code="a">Real-Time Systems Symposium</subfield>
  </datafield>
  <datafield tag="411" ind1="2" ind2=" ">
    <subfield code="a">IEEE Real-Time Systems Symposium</subfield>
  </datafield>
  <datafield tag="411" ind1="2" ind2=" ">
    <subfield code="a">RTSS</subfield>
  </datafield>
  <datafield tag="511" ind1="2" ind2=" ">
    <subfield code="w">b</subfield>
    <subfield code="a">IEEE International Real-Time Systems Symposium</subfield>
  </datafield>
  <datafield tag="667" ind1=" " ind2=" ">
    <subfield code="a">THIS 1XX FIELD CANNOT BE USED UNDER RDA UNTIL THIS RECORD HAS BEEN REVIEWED AND/OR UPDATED</subfield>
  </datafield>
  <datafield tag="670" ind1=" " ind2=" ">
    <subfield code="a">Its Proceedings, c1981:</subfield>
    <subfield code="b">t.p. (Real-Time Systems Symposium, December 8-10, 1981, Eden Roc Hotel, Miami Beach, Florida)</subfield>
  </datafield>
  <datafield tag="670" ind1=" " ind2=" ">
    <subfield code="a">Its (1983 : Arlington, Va.). Proceedings ... c1983:</subfield>
    <subfield code="b">t.p. (Real-Time Systems Symposium, 12/6-8/83, Arlington, Va.)</subfield>
  </datafield>
  <datafield tag="670" ind1=" " ind2=" ">
    <subfield code="a">Its Proceedings, Dec. 5-7, 1995:</subfield>
    <subfield code="b">t.p. (Real-Time Systems Symposium; 16th IEEE Real-Time Systems Symposium); Dec. 2-5, 1997: t.p. (18th IEEE Real-Time Systems Symposium) p. i (RTSS) p. ix (Real-Time Systems Symposium)</subfield>
  </datafield>
  <datafield tag="675" ind1=" " ind2=" ">
    <subfield code="a">IEEE International Real-Time Systems Symposium. Proceedings, 2003: t.p. (IEEE International Real-Time Systems Symposium; RTSS) cover (Real-Time Systems Symposium)</subfield>
  </datafield>
</record>